<record><leader>00000cas a2200000 a 4500</leader><controlfield tag="001">50821672</controlfield><controlfield tag="008">021022c20019999iluwr ne      0   a0eng c</controlfield><datafield ind1=" " ind2=" " tag="010"><subfield code="a">sn2002060773</subfield></datafield><datafield ind1=" " ind2=" " tag="040"><subfield code="a">CVF</subfield><subfield code="b">eng</subfield><subfield code="c">CVF</subfield><subfield code="d">NVF</subfield><subfield code="d">OCLCF</subfield><subfield code="d">OCLCO</subfield><subfield code="d">NVF</subfield></datafield><datafield ind1=" " ind2=" " tag="042"><subfield code="a">pcc</subfield></datafield><datafield ind1=" " ind2=" " tag="043"><subfield code="a">n-us-il</subfield></datafield><datafield ind1="0" ind2=" " tag="130"><subfield code="a">Press (Oak Brook, Ill. : Bloomingdale/Glendale Heights ed.)</subfield></datafield><datafield ind1="1" ind2="0" tag="245"><subfield code="a">Press.</subfield></datafield><datafield ind1="1" ind2=" " tag="246"><subfield code="i">Issue called:</subfield><subfield code="a">Bloomingdale press</subfield><subfield code="f">June 28, 2001</subfield></datafield><datafield ind1=" " ind2=" " tag="250"><subfield code="a">Bloomingdale/Glendale Heights ed.</subfield></datafield><datafield ind1=" " ind2=" " tag="260"><subfield code="a">Oak Brook, Ill. :</subfield><subfield code="b">Press Publications,</subfield><subfield code="c">2001-</subfield></datafield><datafield ind1=" " ind2=" " tag="300"><subfield code="a">v.</subfield></datafield><datafield ind1=" " ind2=" " tag="310"><subfield code="a">Weekly</subfield></datafield><datafield ind1="0" ind2=" " tag="362"><subfield code="a">Vol. 79, no. 27 (June 28, 2001)-</subfield></datafield><datafield ind1=" " ind2=" " tag="580"><subfield code="a">Formed by the union of: Press (Oak Brook, Ill. : Glendale Heights ed.) and: Press (Bloomingdale, Ill.).</subfield></datafield><datafield ind1=" " ind2="0" tag="651"><subfield code="a">Bloomingdale (Ill.)</subfield><subfield code="v">Newspapers.</subfield></datafield><datafield ind1=" " ind2="0" tag="651"><subfield code="a">Glendale Heights (Ill.)</subfield><subfield code="v">Newspapers.</subfield></datafield><datafield ind1=" " ind2="0" tag="651"><subfield code="a">Carol Stream (Ill.)</subfield><subfield code="v">Newspapers.</subfield></datafield><datafield ind1=" " ind2="0" tag="651"><subfield code="a">Bartlett (Ill.)</subfield><subfield code="v">Newspapers.</subfield></datafield><datafield ind1=" " ind2="0" tag="651"><subfield code="a">Hanover Park (Ill.)</subfield><subfield code="v">Newspapers.</subfield></datafield><datafield ind1=" " ind2="0" tag="651"><subfield code="a">Itasca (Ill.)</subfield><subfield code="v">Newspapers.</subfield></datafield><datafield ind1=" " ind2="0" tag="651"><subfield code="a">Roselle (Ill.)</subfield><subfield code="v">Newspapers.</subfield></datafield><datafield ind1=" " ind2="0" tag="651"><subfield code="a">Streamwood (Ill.)</subfield><subfield code="v">Newspapers.</subfield></datafield><datafield ind1=" " ind2="7" tag="651"><subfield code="a">Illinois</subfield><subfield code="z">Bartlett.</subfield><subfield code="2">fast</subfield><subfield code="0">(OCoLC)fst01226876</subfield></datafield><datafield ind1=" " ind2="7" tag="651"><subfield code="a">Illinois</subfield><subfield code="z">Bloomingdale.</subfield><subfield code="2">fast</subfield><subfield code="0">(OCoLC)fst01213887</subfield></datafield><datafield ind1=" " ind2="7" tag="651"><subfield code="a">Illinois</subfield><subfield code="z">Carol Stream.</subfield><subfield code="2">fast</subfield><subfield code="0">(OCoLC)fst01214107</subfield></datafield><datafield ind1=" " ind2="7" tag="651"><subfield code="a">Illinois</subfield><subfield code="z">Glendale Heights.</subfield><subfield code="2">fast</subfield><subfield code="0">(OCoLC)fst01238086</subfield></datafield><datafield ind1=" " ind2="7" tag="651"><subfield code="a">Illinois</subfield><subfield code="z">Hanover Park.</subfield><subfield code="2">fast</subfield><subfield code="0">(OCoLC)fst01226875</subfield></datafield><datafield ind1=" " ind2="7" tag="651"><subfield code="a">Illinois</subfield><subfield code="z">Itasca.</subfield><subfield code="2">fast</subfield><subfield code="0">(OCoLC)fst01226539</subfield></datafield><datafield ind1=" " ind2="7" tag="651"><subfield code="a">Illinois</subfield><subfield code="z">Roselle.</subfield><subfield code="2">fast</subfield><subfield code="0">(OCoLC)fst01250142</subfield></datafield><datafield ind1=" " ind2="7" tag="651"><subfield code="a">Illinois</subfield><subfield code="z">Streamwood.</subfield><subfield code="2">fast</subfield><subfield code="0">(OCoLC)fst01226874</subfield></datafield><datafield ind1=" " ind2="7" tag="655"><subfield code="a">Newspapers.</subfield><subfield code="2">fast</subfield><subfield code="0">(OCoLC)fst01423814</subfield></datafield><datafield ind1=" " ind2=" " tag="752"><subfield code="a">United States</subfield><subfield code="b">Illinois</subfield><subfield code="c">DuPage County</subfield><subfield code="d">Oak Brook.</subfield></datafield><datafield ind1="1" ind2="4" tag="780"><subfield code="t">Press (Oak Brook, Ill. : Glendale Heights ed.)</subfield><subfield code="w">(DLC)  2010271329</subfield><subfield code="w">(OCoLC)613396833</subfield></datafield><datafield ind1="1" ind2="4" tag="780"><subfield code="t">Press (Bloomingdale, Ill.)</subfield><subfield code="w">(DLC)sn2002060769</subfield><subfield code="w">(OCoLC)50751784</subfield></datafield><datafield ind1="0" ind2="5" tag="780"><subfield code="t">Press (Oak Brook, Ill. : Itasca and Roselle ed.)</subfield><subfield code="w">(DLC)sn2001061313</subfield><subfield code="w">(OCoLC)45877025</subfield></datafield><datafield ind1="1" ind2=" " tag="029"><subfield code="a">AU@</subfield><subfield code="b">000024169609</subfield></datafield></record>